% ------------------------------------------------------------------------
% BIBLIOGRAFIA
% ------------------------------------------------------------------------

@online{gitHubCopilot,
  title   = {Strona internetowa GitHub Copilot},
  url     = {https://github.com/features/copilot},
  urldate = {2024-12-04}
}
